<?xml version="1.0" encoding="UTF-8" ?><marc:collection xmlns:marc="http://www.loc.gov/MARC21/slim" xmlns:xsi="http://www.w3.org/2001/XMLSchema-instance" xsi:schemaLocation="http://www.loc.gov/MARC21/slim http://www.loc.gov/standards/marcxml/schema/MARC21slim.xsd">
<marc:record><marc:leader>01307nam a2200289 a 4500</marc:leader>
<marc:controlfield tag="001">6237</marc:controlfield>
<marc:controlfield tag="003">aeadna</marc:controlfield><marc:controlfield tag="005">20100502100300.0</marc:controlfield><marc:controlfield tag="008">020330s19441950ua     f     |00| p|ara|d</marc:controlfield><marc:datafield tag="035" ind1=" " ind2=" "><marc:subfield code="a">(Sirsi) 6237</marc:subfield></marc:datafield><marc:datafield tag="040" ind1=" " ind2=" "><marc:subfield code="a">nal</marc:subfield><marc:subfield code="b">ara</marc:subfield><marc:subfield code="e">AACR</marc:subfield></marc:datafield><marc:datafield tag="041" ind1="0" ind2=" "><marc:subfield code="a">ara</marc:subfield></marc:datafield><marc:datafield tag="082" ind1="1" ind2="0"><marc:subfield code="a">811.009</marc:subfield><marc:subfield code="b">21</marc:subfield></marc:datafield><marc:datafield tag="050" ind1="0" ind2="4"><marc:subfield code="a">PJ7696.Z8</marc:subfield><marc:subfield code="b">Z88 1944</marc:subfield></marc:datafield><marc:datafield tag="066" ind1=" " ind2=" "><marc:subfield code="c">(3</marc:subfield></marc:datafield><marc:datafield tag="100" ind1="1" ind2=" "><marc:subfield code="a">ثعلب، أحمد بن يحيى،</marc:subfield><marc:subfield code="d">815-904 م.</marc:subfield></marc:datafield><marc:datafield tag="245" ind1="1" ind2="0"><marc:subfield code="a">شرح ديوان زهير بن أبي سلمى/</marc:subfield><marc:subfield code="c">صنعة أبي العباس أحمد بن يحيى بن زيد الشيباني ثعلب</marc:subfield></marc:datafield><marc:datafield tag="246" ind1="3" ind2="0"><marc:subfield code="a">ديوان زهير بن أبي سلمى</marc:subfield></marc:datafield><marc:datafield tag="260" ind1=" " ind2=" "><marc:subfield code="a">القاهرة:</marc:subfield><marc:subfield code="b">مطبعة دار الكتب المصرية،</marc:subfield><marc:subfield code="c">1944م.</marc:subfield></marc:datafield><marc:datafield tag="300" ind1=" " ind2=" "><marc:subfield code="a">43، 460ص.؛</marc:subfield><marc:subfield code="c">28سم.</marc:subfield></marc:datafield><marc:datafield tag="490" ind1=" " ind2=" "><marc:subfield code="a">دار الكتب المصرية: القسم الأدبي.</marc:subfield></marc:datafield><marc:datafield tag="500" ind1=" " ind2=" "><marc:subfield code="a">يتضمن كشافات وفهارس</marc:subfield></marc:datafield><marc:datafield tag="500" ind1=" " ind2=" "><marc:subfield code="a">تتضمن نسخة الكتاب طبعتين في مجلد واحد. ويتعلق الأمر بطبعتي 1944 و 1950.</marc:subfield></marc:datafield><marc:datafield tag="500" ind1=" " ind2=" "><marc:subfield code="a">نبذة من سيرة المؤلف  :   إمام الكوفيين في عهده، وثالث ثلاثة قامت على أعمالهم مدرسة الكوفة النحوية، العلامة المحدث، وإمام النحو، صاحب الفصيح والتصانيف، ولد ببغداد في السنة الثانية من خلافة المأمون وبها مات.</marc:subfield></marc:datafield><marc:datafield tag="600" ind1="0" ind2="4"><marc:subfield code="a">زهير بن أبي سلمى،</marc:subfield><marc:subfield code="d">ت. 609</marc:subfield><marc:subfield code="v">دواوين وقصائد</marc:subfield></marc:datafield><marc:datafield tag="650" ind1=" " ind2="4"><marc:subfield code="a">الشعر العربي</marc:subfield><marc:subfield code="x">تاريخ ونقد</marc:subfield></marc:datafield><marc:datafield tag="949" ind1=" " ind2=" "><marc:subfield code="a">811.009 ث غ ش ر</marc:subfield><marc:subfield code="w">DDC</marc:subfield><marc:subfield code="i">30018000000605</marc:subfield><marc:subfield code="u">06/22/2003</marc:subfield><marc:subfield code="d">09/06/2010</marc:subfield><marc:subfield code="n">0</marc:subfield><marc:subfield code="t">RAR</marc:subfield><marc:subfield code="l">av</marc:subfield><marc:subfield code="m">MAIN</marc:subfield><marc:subfield code="x">RAR</marc:subfield></marc:datafield></marc:record>
</marc:collection>
